<record><leader>00000cas a22000007a 4500</leader><controlfield tag="001">1716187</controlfield><controlfield tag="008">751019d18851895mnuwr ne      0    0eng d</controlfield><datafield ind1=" " ind2=" " tag="010"><subfield code="a">sn 90064408 </subfield></datafield><datafield ind1=" " ind2=" " tag="040"><subfield code="a">MUL</subfield><subfield code="b">eng</subfield><subfield code="c">MUL</subfield><subfield code="d">MN#</subfield><subfield code="d">OCLCQ</subfield><subfield code="d">OCLCF</subfield><subfield code="d">OCLCO</subfield></datafield><datafield ind1="1" ind2=" " tag="029"><subfield code="a">AU@</subfield><subfield code="b">000025861318</subfield></datafield><datafield ind1=" " ind2=" " tag="042"><subfield code="a">msc</subfield></datafield><datafield ind1=" " ind2=" " tag="043"><subfield code="a">n-us-mn</subfield></datafield><datafield ind1=" " ind2=" " tag="052"><subfield code="a">4144</subfield><subfield code="b">P3</subfield></datafield><datafield ind1=" " ind2=" " tag="052"><subfield code="a">4143</subfield><subfield code="b">O6</subfield></datafield><datafield ind1="0" ind2="4" tag="245"><subfield code="a">The Park Region pioneer.</subfield></datafield><datafield ind1=" " ind2=" " tag="260"><subfield code="a">Pelican Rapids, Otter Tail Co., Minn. :</subfield><subfield code="b">A.E. Rathbun</subfield></datafield><datafield ind1=" " ind2=" " tag="300"><subfield code="a">v.</subfield></datafield><datafield ind1=" " ind2=" " tag="310"><subfield code="a">Weekly</subfield></datafield><datafield ind1="1" ind2=" " tag="362"><subfield code="a">Began inn Dec. 1885? Ceased in 1895?</subfield></datafield><datafield ind1=" " ind2=" " tag="515"><subfield code="a">Suspended Feb.-Mar. 1888 due to scarlet fever in editor's family. Suspended June 1891-Aug. 1894 due to illness.</subfield></datafield><datafield ind1=" " ind2=" " tag="530"><subfield code="a">Available on microfilm from the Minnesota Historical Society.</subfield></datafield><datafield ind1=" " ind2=" " tag="580"><subfield code="a">Continued by Pelican Rapids blade in Dec. 1891 while Park Region pioneer was suspended.</subfield></datafield><datafield ind1=" " ind2=" " tag="588"><subfield code="a">Description based on: Vol. 4, no. 2 (Jan. 1, 1886).</subfield></datafield><datafield ind1=" " ind2="0" tag="651"><subfield code="a">Pelican Rapids (Minn.)</subfield><subfield code="v">Newspapers.</subfield></datafield><datafield ind1=" " ind2="7" tag="655"><subfield code="a">Newspapers.</subfield><subfield code="2">fast</subfield><subfield code="0">(OCoLC)fst01423814</subfield></datafield><datafield ind1=" " ind2="7" tag="651"><subfield code="a">Minnesota</subfield><subfield code="z">Pelican Rapids.</subfield><subfield code="2">fast</subfield><subfield code="0">(OCoLC)fst01228412</subfield></datafield><datafield ind1=" " ind2=" " tag="752"><subfield code="a">United States</subfield><subfield code="b">Minnesota</subfield><subfield code="c">Otter Tail</subfield><subfield code="d">Pelican Rapids.</subfield></datafield><datafield ind1="0" ind2="0" tag="780"><subfield code="t">Pelican Rapids times</subfield><subfield code="w">(DLC)sn 89064361</subfield></datafield><datafield ind1="0" ind2="0" tag="785"><subfield code="t">Pelican Rapids blade</subfield><subfield code="w">(DLC)sn 89064363</subfield></datafield></record>